@article{Gowe1975,
  added-at = {2006-10-25T17:45:20.000+0200},
  author = {Gower, J. C.},
  biburl = {http://www.bibsonomy.org/bibtex/20088bac3d0c484eae0758ec66ef40496/threemode},
  description = {papers on three-mode analysis},
  interhash = {522dc8a8fa9dd053a84f0f4a9d6f26e2},
  intrahash = {0088bac3d0c484eae0758ec66ef40496},
  journal = {Psychometrika},
  keywords = {data mode threemode three analysis},
  pages = {33--51},
  timestamp = {2006-10-25T17:45:20.000+0200},
  title = {{G}eneralised {P}rocrustes analysis},
  volume = 40,
  year = 1975
}

@article{Goodall1991,
    author = {Goodall, Colin},
    citeulike-article-id = {4030772},
    citeulike-linkout-0 = {http://www.jstor.org/stable/2345744},
    journal = {Journal of the Royal Statistical Society. Series B (Methodological)},
    keywords = {new\_2, shape},
    number = {2},
    pages = {285--339},
    posted-at = {2009-02-10 16:32:44},
    priority = {2},
    publisher = {Blackwell Publishing for the Royal Statistical Society},
    title = {{Procrustes Methods in the Statistical Analysis of Shape}},
    volume = {53},
    year = {1991}
}

@ARTICLE{bishop1999,
    author = {Michael E. Tipping and Chris M. Bishop},
    title = {Probabilistic Principal Component Analysis},
    journal = {Journal of the Royal Statistical Society, Series B},
    year = {1999},
    volume = {61},
    pages = {611--622}
}

@article{Muct,
  author={S. Milborrow and J. Morkel and F. Nicolls},
  title={{The MUCT Landmarked Face Database}},
  journal={Pattern Recognition Association of South Africa},
  year=2010,
  note={\url{http://www.milbo.org/muct}}
}

@INPROCEEDINGS{Zhou03bayesiantangent,
    author = {Yi Zhou},
    title = {Bayesian tangent shape model: Estimating shape and pose parameters via {B}ayesian inference},
    booktitle = {IEEE Conference on Computer Vision and Pattern Recognition, CVPR2003},
    year = {2003},
    pages = {16--22}
}



@ARTICLE{Xue04,
    author = {Zhong Xue and Stan Z. Li and Eam Khwang Teoh},
    title = {Bayesian Shape Model for Facial Feature Extraction and Recognition},
    journal = {Pattern Recognition},
    year = {2004},
    volume = {36},
    pages = {2819--2833}
}




@inproceedings{Zhou03,
 author = {Zhou, Yi and Gu, Lie and Zhang, Hong-Jiang},
 title = {Bayesian Tangent Shape Model: Estimating Shape and Pose Parameters via Bayesian Inference},
 booktitle = {Proceedings of the 2003 IEEE Computer Society Conference on Computer Vision and Pattern Recognition},
 series = {CVPR'03},
 year = {2003},
 isbn = {0-7695-1900-8, 978-0-7695-1900-5},
 location = {Madison, Wisconsin},
 pages = {109--116},
 numpages = {8},
 %url = {http://dl.acm.org/citation.cfm?id=1965841.1965855},
 %acmid = {1965855},
 publisher = {IEEE Computer Society},
 address = {Washington, DC, USA},
}

%% Para el paper EMBC

@article{Benabid03,
title = "Deep brain stimulation for Parkinson’s disease ",
journal = "Current Opinion in Neurobiology ",
volume = "13",
number = "6",
pages = "696 - 706",
year = "2003",

issn = "0959-4388",
doi = "http://dx.doi.org/10.1016/j.conb.2003.11.001",

author = "Alim Louis Benabid"
}


@article{Cabezas11,
title = "A review of atlas-based segmentation for magnetic resonance brain images ",
journal = "Computer Methods and Programs in Biomedicine ",
volume = "104",
number = "3",
pages = "e158 - e177",
year = "2011",
issn = "0169-2607",
doi = "http://dx.doi.org/10.1016/j.cmpb.2011.07.015",
author = "Mariano Cabezas and Arnau Oliver and Xavier Llad\'o and Jordi Freixenet and Meritxell Bach Cuadra",
}







@article{Derek10,
author = {Hill, Derek},
title = {Neuroimaging to assess safety and efficacy of AD therapies},
journal = {Expert Opinion on Investigational Drugs},
volume = {19},
number = {1},
pages = {23-26},
year = {2010},
doi = {10.1517/13543780903381320},
note ={PMID: 19947893},
URL = {http://informahealthcare.com/doi/abs/10.1517/13543780903381320},
eprint = {http://informahealthcare.com/doi/pdf/10.1517/13543780903381320}
}

@INPROCEEDINGS{Cosa13, 
author={Cosa, A. and Canals, S. and Valles-Lluch, A. and Moratal, D.}, 
booktitle={Engineering in Medicine and Biology Society (EMBC), 2013 35th Annual International Conference of the IEEE}, 
title={Unsupervised segmentation of brain regions with similar microstructural properties: Application to alcoholism}, 
year={2013}, 
month={July}, 
pages={1053-1056}, 
doi={10.1109/EMBC.2013.6609685}, 
ISSN={1557-170X},
}

@ARTICLE{Park01, 
author={HyunWook Park and Schoepflin, T. and Yongmin Kim}, 
journal={Circuits and Systems for Video Technology, IEEE Transactions on}, 
title={Active contour model with gradient directional information: directional snake}, 
year={2001}, 
month={Feb}, 
volume={11}, 
number={2}, 
pages={252-256}, 
doi={10.1109/76.905991}, 
ISSN={1051-8215},
}


@article {Mumford89,
author = {Mumford, David and Shah, Jayant},
title = {Optimal approximations by piecewise smooth functions and associated variational problems},
journal = {Communications on Pure and Applied Mathematics},
volume = {42},
number = {5},
publisher = {Wiley Subscription Services, Inc., A Wiley Company},
issn = {1097-0312},
url = {http://dx.doi.org/10.1002/cpa.3160420503},
doi = {10.1002/cpa.3160420503},
pages = {577-685},
year = {1989},
}


@ARTICLE{Chan01, 
author={Chan, T.F. and Vese, L.A.}, 
journal={Image Processing, IEEE Transactions on}, 
title={Active contours without edges}, 
year={2001}, 
month={Feb}, 
volume={10}, 
number={2}, 
pages={266-277}, 
doi={10.1109/83.902291}, 
ISSN={1057-7149},
}

@INPROCEEDINGS{Zhang12, 
author={Zhimei Zhang and Yuzhong Shen and Zhenkuan Pan and Ximei Zhao and Zhenbo Guo}, 
booktitle={Image and Signal Processing (CISP), 2012 5th International Congress on}, 
title={Comparing Chan-Vese model and convex Chan-Vese model}, 
year={2012}, 
month={Oct}, 
pages={662-665}, 
doi={10.1109/CISP.2012.6470009},
}

@ARTICLE{Cocosco97,
    author = {Chris A. Cocosco and Vasken Kollokian and Remi K.-S. Kwan and G. Bruce Pike and Alan C. Evans},
    title = {BrainWeb: Online Interface to a 3D MRI Simulated Brain Database},
    journal = {NeuroImage},
    year = {1997},
    volume = {5},
    pages = {425}
}

@misc{asmlib,
year={2011},
title ={Active Shape Model library written by C++ using OpenCV 2.0},
url={https://code.google.com/p/asmlib-opencv/},
}


@article{Vitti12,
title = "The Mumford–Shah variational model for image segmentation: An overview of the theory, implementation and use ",
journal = "\{ISPRS\} Journal of Photogrammetry and Remote Sensing ",
volume = "69",
number = "0",
pages = "50 - 64",
year = "2012",
note = "",
issn = "0924-2716",
author = "Alfonso Vitti",
}

@inproceedings{BTSM03,
 author = {Zhou, Yi and Gu, Lie and Zhang, Hong-Jiang},
 title = {Bayesian Tangent Shape Model: Estimating Shape and Pose Parameters via Bayesian Inference},
 booktitle = {Proceedings of the 2003 IEEE Computer Society Conference on Computer Vision and Pattern Recognition},
 series = {CVPR'03},
 year = {2003},
 isbn = {0-7695-1900-8, 978-0-7695-1900-5},
 location = {Madison, Wisconsin},
 pages = {109-116},
 numpages = {8},
 url = {http://dl.acm.org/citation.cfm?id=1965841.1965855},
 acmid = {1965855},
 publisher = {IEEE Computer Society},
 address = {Washington, DC, USA},
} 


@article{Thompson01,
author = {Thompson, Paul M. and Mega, Michael S. and Woods, Roger P. and Zoumalan, Chris I. and Lindshield, Chris J. and Blanton, Rebecca E. and Moussai, Jacob and Holmes, Colin J. and Cummings, Jeffrey L. and Toga, Arthur W.}, 
title = {Cortical Change in Alzheimer's Disease Detected with a Disease-specific Population-based Brain Atlas},
volume = {11}, 
number = {1}, 
pages = {1-16}, 
year = {2001}, 
journal = {Cerebral Cortex} 
}

@article{NeuroBaby18,
	title = "A Novel Magnetic Resonance Imaging Score Predicts Neurodevelopmental Outcome After Perinatal Asphyxia and Therapeutic Hypothermia",
	author = "Weeke, {Lauren C.} and Floris Groenendaal and Kalyani Mudigonda and Mats Blennow and Lequin, {Maarten H.} and Meiners, {Linda C.} and {van Haastert}, {Ingrid C.} and Benders, {Manon J.} and Boubou Hallberg and {de Vries}, {Linda S.}",
	year = "2018",
	month = "1",
	doi = "10.1016/j.jpeds.2017.09.043",
	language = "English",
	volume = "192",
	pages = "33--40",
	journal = "The Journal of Pediatrics",
	issn = "0022-3476",
	publisher = "MOSBY-ELSEVIER",
}