@MISC{Kaick11,
    author = {Oliver Van Kaick and Hao Zhang and Ghassan Hamarneh and Daniel Cohen-or},
    title = { A Survey on Shape Correspondence},
    year = {2011}
}

@article{Brunton14,
title = "Review of statistical shape spaces for 3D data with comparative analysis for human faces ",
journal = "Computer Vision and Image Understanding ",
volume = "128",
number = "0",
pages = "1 - 17",
year = "2014",
note = "",
issn = "1077-3142",
author = "Alan Brunton and Augusto Salazar and Timo Bolkart and Stefanie Wuhrer"
}

@ARTICLE{Consensus10,
  title = {Consensus Skeleton for Non-Rigid Space-Time Registration},
  author = {Qian Zheng and Andrei Sharf and Andrea Tagliasacchi and Baoquan Chen and Hao Zhang and Alla Sheffer and Daniel Cohen-Or},
  journal = {Computer Graphcis Forum (Special Issue of Eurographics)},
  volume = {29},
  number = {2},
  pages = {635-644},
  year = {2010}
}


@article{Podolak06,
 author = {Podolak, Joshua and Shilane, Philip and Golovinskiy, Aleksey and Rusinkiewicz, Szymon and Funkhouser, Thomas},
 title = {A Planar-reflective Symmetry Transform for 3D Shapes},
 journal = {ACM Trans. Graph.},
 issue_date = {July 2006},
 volume = {25},
 number = {3},
 month = jul,
 year = {2006},
 issn = {0730-0301},
 pages = {549--559},
 numpages = {11},
  publisher = {ACM},
 address = {New York, NY, USA},
 } 
 
 @inproceedings{Huang08,
  author = {Huang, Qi-Xing and Adams, Bart and Wicke, Martin and Guibas, Leonidas J.},
  title = {Non-rigid Registration Under Isometric Deformations},
  booktitle = {Proceedings of the Symposium on Geometry Processing},
  series = {SGP '08},
  year = {2008},
  location = {Copenhagen, Denmark},
  pages = {1449--1457},
  numpages = {9},
  url = {http://dl.acm.org/citation.cfm?id=1731309.1731330},
  acmid = {1731330},
  publisher = {Eurographics Association},
  address = {Aire-la-Ville, Switzerland, Switzerland},
 } 
 
@MISC{Zhang08,
    author = {H. Zhang and A. Sheffer and D. Cohen-or and Q. Zhou and O. Van Kaick and A. Tagliasacchi},
    title = {Deformation-Driven Shape Correspondence},
    year = {2008}
}

@book{Bronstein08,
 author = {Bronstein, Alexander and Bronstein, Michael and Kimmel, Ron},
 title = {Numerical Geometry of Non-Rigid Shapes},
 year = {2008},
 isbn = {0387733000, 9780387733005},
 edition = {1},
 publisher = {Springer Publishing Company, Incorporated},
} 

@inproceedings{Lipman09,
 author = {Lipman, Yaron and Funkhouser, Thomas},
 title = {MOBius Voting for Surface Correspondence},
 booktitle = {ACM SIGGRAPH 2009 Papers},
 series = {SIGGRAPH '09},
 year = {2009},
 isbn = {978-1-60558-726-4},
 location = {New Orleans, Louisiana},
 pages = {72:1--72:12},
 articleno = {72},
 numpages = {12},
 url = {http://doi.acm.org/10.1145/1576246.1531378},
 doi = {10.1145/1576246.1531378},
 acmid = {1531378},
 publisher = {ACM},
 address = {New York, NY, USA},
} 

@article {Shamir08,
author = {Shamir, Ariel},
title = {A survey on Mesh Segmentation Techniques},
journal = {Computer Graphics Forum},
volume = {27},
number = {6},
publisher = {Blackwell Publishing Ltd},
issn = {1467-8659},
url = {http://dx.doi.org/10.1111/j.1467-8659.2007.01103.x},
doi = {10.1111/j.1467-8659.2007.01103.x},
pages = {1539-1556},
year = {2008},
}


@inproceedings{Xu09,
 author = {Xu, Weiwei and Wang, Jun and Yin, KangKang and Zhou, Kun and van de Panne, Michiel and Chen, Falai and Guo, Baining},
 title = {Joint-aware Manipulation of Deformable Models},
 booktitle = {ACM SIGGRAPH 2009 Papers},
 series = {SIGGRAPH '09},
 year = {2009},
 isbn = {978-1-60558-726-4},
 location = {New Orleans, Louisiana},
 pages = {35:1--35:9},
 articleno = {35},
 numpages = {9},
 url = {http://doi.acm.org/10.1145/1576246.1531341},
 doi = {10.1145/1576246.1531341},
 acmid = {1531341},
 publisher = {ACM},
 address = {New York, NY, USA},
 keywords = {inverse kinematics, joint constraint, slippable motions, space deformation},
} 


@article{Gal09,
 author = {Gal, Ran and Sorkine, Olga and Mitra, Niloy J. and Cohen-Or, Daniel},
 title = {iWIRES: An Analyze-and-edit Approach to Shape Manipulation},
 journal = {ACM Trans. Graph.},
 issue_date = {August 2009},
 volume = {28},
 number = {3},
 month = jul,
 year = {2009},
 issn = {0730-0301},
 pages = {33:1--33:10},
 articleno = {33},
 numpages = {10},
 url = {http://doi.acm.org/10.1145/1531326.1531339},
 doi = {10.1145/1531326.1531339},
 acmid = {1531339},
 publisher = {ACM},
 address = {New York, NY, USA},
 keywords = {constraint propagation, man-made objects, mesh editing, space deformation, structured deformation},
} 

@inproceedings{Kalogerakis10,
 author = {Kalogerakis, Evangelos and Hertzmann, Aaron and Singh, Karan},
 title = {Learning 3D Mesh Segmentation and Labeling},
 booktitle = {ACM SIGGRAPH 2010 Papers},
 series = {SIGGRAPH '10},
 year = {2010},
 isbn = {978-1-4503-0210-4},
 location = {Los Angeles, California},
 pages = {102:1--102:12},
 articleno = {102},
 numpages = {12},
 url = {http://doi.acm.org/10.1145/1833349.1778839},
 doi = {10.1145/1833349.1778839},
 acmid = {1778839},
 publisher = {ACM},
 address = {New York, NY, USA},
} 


@article{vankaick11,
    author = {Oliver van Kaick and Andrea Tagliasacchi and Oana Sidi and Hao Zhang and Daniel Cohen-Or and Lior Wolf and and Ghassan Hamarneh},
    title = {Prior Knowledge for Part Correspondence},
    journal = {Computer Graphics Forum (Proc. Eurographics)},
    volume = {30},
    number = {2},
    pages = {553--562},
    year = 2011,
}


@article{Hollingworth09,
title = "Object correspondence across brief occlusion is established on the basis of both spatiotemporal and surface feature cues ",
journal = "Cognition ",
volume = "113",
number = "2",
pages = "150 - 166",
year = "2009",
note = "",
issn = "0010-0277",
author = "Andrew Hollingworth and Steven L. Franconeri",
}

@inproceedings{Levy10,
 author = {L{\'e}vy, Bruno and Zhang, Hao (Richard)},
 title = {Spectral Mesh Processing},
 booktitle = {ACM SIGGRAPH 2010 Courses},
 series = {SIGGRAPH '10},
 year = {2010},
 isbn = {978-1-4503-0395-8},
 location = {Los Angeles, California},
 pages = {8:1--8:312},
 articleno = {8},
 numpages = {312},
 url = {http://doi.acm.org/10.1145/1837101.1837109},
 doi = {10.1145/1837101.1837109},
 acmid = {1837109},
 publisher = {ACM},
 address = {New York, NY, USA},
} 


@article{Castellani08,
  added-at = {2010-09-06T00:00:00.000+0200},
  author = {Castellani, Umberto and Cristani, Marco and Fantoni, Simone and Murino, Vittorio},
  biburl = {http://www.bibsonomy.org/bibtex/25fd27bae2cfb65dfebec4d0c8ccc4eb0/dblp},
  ee = {http://dx.doi.org/10.1111/j.1467-8659.2008.01162.x},
  interhash = {dcb476d7934e8b07a1a6ea8e3ed1342f},
  intrahash = {5fd27bae2cfb65dfebec4d0c8ccc4eb0},
  journal = {Comput. Graph. Forum},
  keywords = {dblp},
  number = 2,
  pages = {643-652},
  timestamp = {2010-09-06T00:00:00.000+0200},
  title = {Sparse points matching by combining 3D mesh saliency with statistical descriptors.},
  url = {http://dblp.uni-trier.de/db/journals/cgf/cgf27.html#CastellaniCFM08},
  volume = 27,
  year = 2008
}


@article{CortesS15,
  author    = {Xavier Cort{\'{e}}s and
               Francesc Serratosa},
  title     = {An interactive method for the image alignment problem based on partially
               supervised correspondence},
  journal   = {Expert Syst. Appl.},
  volume    = {42},
  number    = {1},
  pages     = {179--192},
  year      = {2015},
  url       = {http://dx.doi.org/10.1016/j.eswa.2014.07.051},
  doi       = {10.1016/j.eswa.2014.07.051},
  timestamp = {Sun, 04 May 4443597 18:06:24 +},
  biburl    = {http://dblp.uni-trier.de/rec/bib/journals/eswa/CortesS15},
  bibsource = {dblp computer science bibliography, http://dblp.org}
}

@article{Aiger08,
AUTHOR = "D. Aiger and N. J. Mitra and D. Cohen-Or",
TITLE = "4-points Congruent Sets for Robust Surface Registration",
JOURNAL = "ACM Transactions on Graphics",
VOLUME = "27",
NUMBER = "3",
PAGES = "\#85, 1-10",
YEAR = "2008",
}


@article{Tam13,
author = {G. K. L. Tam and  Zhi-Quan Cheng and  Yu-Kun Lai and F. C. Langbein and  Yonghuai Liu and D. Marshall and R. R. Martin and  Xian-Fang Sun and P. L. Rosin},
title = {Registration of 3D Point Clouds and Meshes: A Survey from Rigid to Nonrigid},
journal ={IEEE Transactions on Visualization and Computer Graphics},
volume = {19},
number = {7},
issn = {1077-2626},
year = {2013},
pages = {1199-1217},
doi = {http://doi.ieeecomputersociety.org/10.1109/TVCG.2012.310},
publisher = {IEEE Computer Society},
address = {Los Alamitos, CA, USA},
}

@article{ChangZ09,
  added-at = {2009-05-07T00:00:00.000+0200},
  author = {Chang, Will and Zwicker, Matthias},
  biburl = {http://www.bibsonomy.org/bibtex/2309a4a9344dcd2c11fc04d6baa052701/dblp},
  date = {2009-05-07},
  description = {dblp},
  ee = {http://dx.doi.org/10.1111/j.1467-8659.2009.01384.x},
  interhash = {e0ad3f0491467469173d456ad764aa7b},
  intrahash = {309a4a9344dcd2c11fc04d6baa052701},
  journal = {Comput. Graph. Forum},
  keywords = {dblp},
  number = 2,
  pages = {447-456},
  timestamp = {2009-05-07T00:00:00.000+0200},
  title = {Range Scan Registration Using Reduced Deformable Models.},
  url = {http://dblp.uni-trier.de/db/journals/cgf/cgf28.html#ChangZ09},
  volume = 28,
  year = 2009
}

@journal{zhang_sgp08,
  author = {Hao Zhang and Alla Sheffer and Daniel Cohen-Or and
            Qingnan Zhou and Oliver van Kaick and Andrea Tagliasacchi},
  title = {Deformation-Driven Shape Correspondence},
  journal = {Computer Graphics Forum (Special Issue of Symposium on
             Geometry Processing 2008)},
  year = 2008,
  volume = 27,
  number = 5
}

@article{LinCW14,
  author    = {Dongdong Lin and
               Vince D. Calhoun and
               Yu{-}Ping Wang},
  title     = {Correspondence between fMRI and {SNP} data by group sparse canonical
               correlation analysis},
  journal   = {Medical Image Analysis},
  volume    = {18},
  number    = {6},
  pages     = {891-902},
  year      = {2014},
  url       = {http://dx.doi.org/10.1016/j.media.2013.10.010},
  doi       = {10.1016/j.media.2013.10.010},
  timestamp = {Tue, 29 Oct 4449624 18:04:00 +},
  biburl    = {http://dblp.uni-trier.de/rec/bib/journals/mia/LinCW14},
  bibsource = {dblp computer science bibliography, http://dblp.org}
}

@inproceedings{Sidorov11,
 author = {Sidorov, K. A. and Richmond, S. and Marshall, D.},
 title = {Efficient Groupwise Non-rigid Registration of Textured Surfaces},
 booktitle = {Proceedings of the 2011 IEEE Conference on Computer Vision and Pattern Recognition},
 series = {CVPR '11},
 year = {2011},
 isbn = {978-1-4577-0394-2},
 pages = {2401--2408},
 numpages = {8},
 url = {http://dx.doi.org/10.1109/CVPR.2011.5995632},
 doi = {10.1109/CVPR.2011.5995632},
 acmid = {2191896},
 publisher = {IEEE Computer Society},
 address = {Washington, DC, USA},
 keywords = {nonrigid registration, textured surfaces, 3D imaging, 3D surface scanners, computer vision},
} 

@article{Sharf08,
 author = {Sharf, Andrei and Alcantara, Dan A. and Lewiner, Thomas and Greif, Chen and Sheffer, Alla and Amenta, Nina and Cohen-Or, Daniel},
 title = {Space-time Surface Reconstruction Using Incompressible Flow},
 journal = {ACM Trans. Graph.},
 issue_date = {December 2008},
 volume = {27},
 number = {5},
 month = dec,
 year = {2008},
 issn = {0730-0301},
 pages = {110:1--110:10},
 articleno = {110},
 numpages = {10},
 url = {http://doi.acm.org/10.1145/1409060.1409063},
 doi = {10.1145/1409060.1409063},
 acmid = {1409063},
 publisher = {ACM},
 address = {New York, NY, USA},
 keywords = {reconstruction, space-time, volumetric techniques},
}


@article{Li09,
 author = {Li, Hao and Adams, Bart and Guibas, Leonidas J. and Pauly, Mark},
 title = {Robust Single-view Geometry and Motion Reconstruction},
 journal = {ACM Trans. Graph.},
 issue_date = {December 2009},
 volume = {28},
 number = {5},
 month = dec,
 year = {2009},
 issn = {0730-0301},
 pages = {175:1--175:10},
 articleno = {175},
 numpages = {10},
 url = {http://doi.acm.org/10.1145/1618452.1618521},
 doi = {10.1145/1618452.1618521},
 acmid = {1618521},
 publisher = {ACM},
 address = {New York, NY, USA},
 keywords = {3D scanning, animation reconstruction, geometry synthesis, non-rigid registration, partial scans, template tracking},
} 

@article{pekelny08,
  added-at = {2009-09-29T19:54:46.000+0200},
  author = {Pekelny and Yuri and Gotsman and Craig},
  biburl = {http://www.bibsonomy.org/bibtex/24273bb1fcb1bac9e8d0706ec25d862ab/dudemeister},
  doi = {10.1111/j.1467-8659.2008.01137.x},
  interhash = {776d593cd685a95ebea474bd696a39fb},
  intrahash = {4273bb1fcb1bac9e8d0706ec25d862ab},
  issn = {0167-7055},
  journal = {Computer Graphics Forum},
  keywords = {depth\_camera motion\_capture},
  month = {apr},
  number = 2,
  pages = {399–408},
  timestamp = {2009-09-29T19:54:46.000+0200},
  title = {Articulated Object Reconstruction and Markerless Motion Capture from Depth Video},
  volume = 27,
  year = 2008
}



@inproceedings{SuBmuth08,
 author = {S\'{u}ssmuth, Jochen and Winter, Marco and Greiner, G\'{u}nther},
 title = {Reconstructing Animated Meshes from Time-varying Point Clouds},
 booktitle = {Proceedings of the Symposium on Geometry Processing},
 series = {SGP '08},
 year = {2008},
 location = {Copenhagen, Denmark},
 pages = {1469--1476},
 numpages = {8},
 url = {http://dl.acm.org/citation.cfm?id=1731309.1731332},
 acmid = {1731332},
 publisher = {Eurographics Association},
 address = {Aire-la-Ville, Switzerland, Switzerland},
} 


@inproceedings{Huang08,
 author = {Huang, Qi-Xing and Adams, Bart and Wicke, Martin and Guibas, Leonidas J.},
 title = {Non-rigid Registration Under Isometric Deformations},
 booktitle = {Proceedings of the Symposium on Geometry Processing},
 series = {SGP '08},
 year = {2008},
 location = {Copenhagen, Denmark},
 pages = {1449--1457},
 numpages = {9},
 url = {http://dl.acm.org/citation.cfm?id=1731309.1731330},
 acmid = {1731330},
 publisher = {Eurographics Association},
 address = {Aire-la-Ville, Switzerland, Switzerland},
} 

@INPROCEEDINGS{Gall09,
    author = {Juergen Gall and Carsten Stoll and Edilson De Aguiar and Christian Theobalt and Bodo Rosenhahn and Hans-peter Seidel},
    title = {Motion capture using joint skeleton tracking and surface estimation},
    booktitle = {IN IEEE CONF. ON COMPUTER VISION AND PATTERN RECOGNITION},
    year = {2009},
    publisher = {}
}


@article{Sharf08,
 author = {Sharf, Andrei and Alcantara, Dan A. and Lewiner, Thomas and Greif, Chen and Sheffer, Alla and Amenta, Nina and Cohen-Or, Daniel},
 title = {Space-time Surface Reconstruction Using Incompressible Flow},
 journal = {ACM Trans. Graph.},
 issue_date = {December 2008},
 volume = {27},
 number = {5},
 month = dec,
 year = {2008},
 issn = {0730-0301},
 pages = {110:1--110:10},
 articleno = {110},
 numpages = {10},
 url = {http://doi.acm.org/10.1145/1409060.1409063},
 doi = {10.1145/1409060.1409063},
 acmid = {1409063},
 publisher = {ACM},
 address = {New York, NY, USA},
 keywords = {reconstruction, space-time, volumetric techniques},
} 


@article{AuTCZF10,
  added-at = {2010-11-12T00:00:00.000+0100},
  author = {Au, Oscar Kin-Chung and Tai, Chiew-Lan and Cohen-Or, Daniel and Zheng, Youyi and Fu, Hongbo},
  biburl = {http://www.bibsonomy.org/bibtex/26f43011fbbd5672d92ccecb96e5e65e6/dblp},
  ee = {http://dx.doi.org/10.1111/j.1467-8659.2009.01634.x},
  interhash = {426c88c75cd3cffa7578e58d7b2972bd},
  intrahash = {6f43011fbbd5672d92ccecb96e5e65e6},
  journal = {Comput. Graph. Forum},
  keywords = {dblp},
  number = 2,
  pages = {645-654},
  timestamp = {2010-11-13T11:31:31.000+0100},
  title = {Electors Voting for Fast Automatic Shape Correspondence.},
  url = {http://dblp.uni-trier.de/db/journals/cgf/cgf29.html#AuTCZF10},
  volume = 29,
  year = 2010
}

@INPROCEEDINGS{Bronstein10,
    author = {Michael M. Bronstein and Iasonas Kokkinos},
    title = {Scale-invariant  kernel signatures for non-rigid shape recognition},
    booktitle = {In Proc. CVPR},
    year = {2010}
}



@inproceedings{Sun09,
 author = {Sun, Jian and Ovsjanikov, Maks and Guibas, Leonidas},
 title = {A Concise and Provably Informative Multi-scale Signature Based on Heat Diffusion},
 booktitle = {Proceedings of the Symposium on Geometry Processing},
 series = {SGP '09},
 year = {2009},
 location = {Berlin, Germany},
 pages = {1383--1392},
 numpages = {10},
 url = {http://dl.acm.org/citation.cfm?id=1735603.1735621},
 acmid = {1735621},
 publisher = {Eurographics Association},
 address = {Aire-la-Ville, Switzerland, Switzerland},
} 

@inproceedings{Raviv10,
 author = {Raviv, Dan and Bronstein, Michael M. and Bronstein, Alexander M. and Kimmel, Ron},
 title = {Volumetric Heat Kernel Signatures},
 booktitle = {Proceedings of the ACM Workshop on 3D Object Retrieval},
 series = {3DOR '10},
 year = {2010},
 isbn = {978-1-4503-0160-2},
 location = {Firenze, Italy},
 pages = {39--44},
 numpages = {6},
 url = {http://doi.acm.org/10.1145/1877808.1877817},
 doi = {10.1145/1877808.1877817},
 acmid = {1877817},
 publisher = {ACM},
 address = {New York, NY, USA},
 keywords = {heat kernel signature, volumetric laplacian},
} 


@proceedings{miar08,
  editor    = {Takeyoshi Dohi and
               Ichiro Sakuma and
               Hongen Liao},
  title     = {Medical Imaging and Augmented Reality, 4th International Workshop,
               {MIAR} 2008, Tokyo, Japan, August 1-2, 2008, Proceedings},
  series    = {Lecture Notes in Computer Science},
  volume    = {5128},
  publisher = {Springer},
  year      = {2008},
  isbn      = {978-3-540-79981-8},
  timestamp = {Sun, 03 Aug 2008 16:42:13 +0200},
  biburl    = {http://dblp.uni-trier.de/rec/bib/conf/miar/2008},
  bibsource = {dblp computer science bibliography, http://dblp.org}
}

@article{ChungDD08,
  author    = {Moo K. Chung and
               Kim M. Dalton and
               Richard J. Davidson},
  title     = {Tensor-Based Cortical Surface Morphometry via Weighted Spherical Harmonic
               Representation},
  journal   = {{IEEE} Trans. Med. Imaging},
  volume    = {27},
  number    = {8},
  pages     = {1143-1151},
  year      = {2008},
  url       = {http://dx.doi.org/10.1109/TMI.2008.918338},
  doi       = {10.1109/TMI.2008.918338},
  timestamp = {Tue, 04 Nov 2008 13:16:18 +0100},
  biburl    = {http://dblp.uni-trier.de/rec/bib/journals/tmi/ChungDD08},
  bibsource = {dblp computer science bibliography, http://dblp.org}
}

@article{Thompson03,
author = {Thompson, Paul  M. and Hayashi, Kiralee M. and de Zubicaray, Greig and Janke, Andrew L. and Rose, Stephen E. and Semple, James and Herman, David and Hong, Michael S. and Dittmer, Stephanie S. and Doddrell, David M. and Toga, Arthur W.}, 
title = {Dynamics of Gray Matter Loss in Alzheimer's Disease},
volume = {23}, 
number = {3}, 
pages = {994-1005}, 
year = {2003}, 
journal = {The Journal of Neuroscience} 
}

@article{MacDonald03,
title = "Automated 3-D Extraction of Inner and Outer Surfaces of Cerebral Cortex from \{MRI\} ",
journal = "NeuroImage ",
volume = "12",
number = "3",
pages = "340 - 356",
year = "2000",
note = "",
issn = "1053-8119",
doi = "http://dx.doi.org/10.1006/nimg.1999.0534",
url = "http://www.sciencedirect.com/science/article/pii/S1053811999905347",
author = "David MacDonald and Noor Kabani and David Avis and Alan C. Evans"
}


@ARTICLE{Conners89, 
author={Conners, R.W. and Ng, C.T.}, 
journal={Systems, Man and Cybernetics, IEEE Transactions on}, 
title={Developing a quantitative model of human preattentive vision}, 
year={1989}, 
month={Nov}, 
volume={19}, 
number={6}, 
pages={1384-1407}, 
doi={10.1109/21.44061}, 
ISSN={0018-9472},}

@article{Leyton88,
title = "A process-grammar for shape ",
journal = "Artificial Intelligence ",
volume = "34",
number = "2",
pages = "213 - 247",
year = "1988",
note = "",
issn = "0004-3702",
doi = "http://dx.doi.org/10.1016/0004-3702(88)90039-2",
url = author = "Michael Leyton"
}


@book{tyler1996,
  title={Human symmetry perception and its computational analysis},
  author={Tyler, C.W.},
  isbn={9789067642101},
  url={http://books.google.com.co/books?id=Jj8dAQAAMAAJ},
  year={1996},
  publisher={VSP}
}

@TECHREPORT{Chen07,
    author = {Po-chun Chen and James Hays and Seungkyu Lee and Minwoo Park and Yanxi Liu and Carnegie Mellon Univeristy},
    title = {A quantitative evaluation of symmetry detection algorithms},
    institution = {The Pennsylvania State University,
    State College},
    year = {2007}
}


@INPROCEEDINGS{Park08,
    author = {Minwoo Park and Seungkyu Lee and Po-chun Chen and Somesh Kashyap and Asad A. Butt and Yanxi Liu},
    title = {Performance evaluation of state-of-the-art discrete symmetry detection algorithms},
    booktitle = {in Proceedings of IEEE International Conference on Computer Vision and Pattern Recognition},
    year = {2008},
    pages = {1-8}
}

@book{Arnheim04,
    author = {Arnheim, Rudolf},
    month = nov,
    posted-at = {2007-04-30 11:20:55},
    priority = {2},
    publisher = {{University of California Press}},
    title = {{Art and Visual Perception: A Psychology of the Creative Eye}},
    url = {http://www.amazon.ca/exec/obidos/redirect?tag=citeulike04-20{\&}path=ASIN/0520243838},
    year = {2004}
}


@book{coxeter80,
  title={Generators and relations for discrete groups},
  author={Coxeter, H.S.M. and Moser, W.O.J.},
  isbn={9780387058375},
  series={Ergebnisse der Mathematik und ihrer Grenzgebiete},
  url={http://books.google.com.co/books?id=LrBKAQAAIAAJ},
  year={1980},
  publisher={Springer-Verlag}
}

@book{conway08,
  title={The Symmetries of Things},
  author={Conway, J.H. and Burgiel, H. and Goodman-Strauss, C.},
  isbn={9781568812205},
  lccn={2007046446},
  series={Ak Peters Series},
  url={http://books.google.com.co/books?id=EtQCk0TNafsC},
  year={2008},
  publisher={Taylor \& Francis}
}

@article{Collins09,
   author = "M. Park and K. Brocklehurst and Robert Collins and Yanxi Liu",
   title = "Deformed Lattice Detection in Real-World Images using Mean-Shift Belief Propagation",
   journal = "IEEE Transactions on Pattern Analysis and Machine Intelligence (PAMI), Special Issue on Probabilistic Graphical Models",
   month = "October",
   year = "2009",
   volume = "31",
   number = "10",
}

@book{Leyton01,
 author = {Leyton, Michael},
 title = {A Generative Theory of Shape},
 year = {2001},
 isbn = {3-540-42717-1},
 publisher = {Springer-Verlag},
 address = {Berlin, Heidelberg},
} 


@article{CGV-008,
url = {http://dx.doi.org/10.1561/0600000008},
year = {2009},
volume = {5},
journal = {Foundations and Trends® in Computer Graphics and Vision},
title = {Computational Symmetry in Computer Vision and Computer Graphics},
doi = {10.1561/0600000008},
issn = {1572-2740},
number = {1–2},
pages = {1-195},
author = {Yanxi Liu, Hagit Hel-Or, Craig S. Kaplan and Luc Van Gool}
}

@inproceedings{DuchiMJ10,
  added-at = {2012-01-21T00:00:00.000+0100},
  author = {Duchi, John C. and Mackey, Lester W. and Jordan, Michael I.},
  biburl = {http://www.bibsonomy.org/bibtex/21094f9eacb0831f1f0fa47b17173e800/dblp},
  booktitle = {ICML},
  crossref = {conf/icml/2010},
  editor = {Fürnkranz, Johannes and Joachims, Thorsten},
  ee = {http://www.icml2010.org/papers/421.pdf},
  interhash = {47a25a29a9ad723af6add7ba3391edbc},
  intrahash = {1094f9eacb0831f1f0fa47b17173e800},
  isbn = {978-1-60558-907-7},
  keywords = {dblp},
  pages = {327-334},
  publisher = {Omnipress},
  timestamp = {2012-01-24T11:37:14.000+0100},
  title = {On the Consistency of Ranking Algorithms.},
  url = {http://dblp.uni-trier.de/db/conf/icml/icml2010.html#DuchiMJ10},
  year = 2010
}


@incollection{Helmbold09,
year={2009},
isbn={978-3-540-72925-9},
booktitle={Learning Theory},
volume={4539},
series={Lecture Notes in Computer Science},
editor={Bshouty, NaderH. and Gentile, Claudio},
doi={10.1007/978-3-540-72927-3_34},
title={Learning Permutations with Exponential Weights},
url={http://dx.doi.org/10.1007/978-3-540-72927-3_34},
publisher={Springer Berlin Heidelberg},
author={Helmbold, DavidP. and Warmuth, ManfredK.},
pages={469-483},
language={English}
}


@article{HuangGG09,
  added-at = {2010-07-21T15:45:49.000+0200},
  author = {Huang, Jonathan and Guestrin, Carlos and Guibas, Leonidas J.},
  biburl = {http://www.bibsonomy.org/bibtex/22188276c72f2e21330e685f4bfd8df82/dblp},
  date = {2010-04-22},
  ee = {http://doi.acm.org/10.1145/1577069.1577106},
  interhash = {fb2e2ce21167bd779635f1e0e59b9d94},
  intrahash = {2188276c72f2e21330e685f4bfd8df82},
  journal = {Journal of Machine Learning Research},
  keywords = {dblp},
  pages = {997-1070},
  timestamp = {2010-07-21T15:45:49.000+0200},
  title = {Fourier Theoretic Probabilistic Inference over Permutations.},
  url = {http://dblp.uni-trier.de/db/journals/jmlr/jmlr10.html#HuangGG09},
  volume = 10,
  year = 2009
}


@inproceedings{HuangGJG09,
  added-at = {2013-11-25T00:00:00.000+0100},
  author = {Huang, Jonathan and Guestrin, Carlos and Jiang, Xiaoye and Guibas, Leonidas J.},
  biburl = {http://www.bibsonomy.org/bibtex/2443a097f32a4884a9d667c07a4c17497/dblp},
  booktitle = {AISTATS},
  crossref = {conf/aistats/2009},
  editor = {Dyk, David A. Van and Welling, Max},
  ee = {http://www.jmlr.org/proceedings/papers/v5/huang09b.html},
  interhash = {5b2e38c6ac6bfd15cb7788e655376aaa},
  intrahash = {443a097f32a4884a9d667c07a4c17497},
  keywords = {dblp},
  pages = {248-255},
  publisher = {JMLR.org},
  series = {JMLR Proceedings},
  timestamp = {2013-11-26T11:35:23.000+0100},
  title = {Exploiting Probabilistic Independence for Permutations.},
  url = {http://dblp.uni-trier.de/db/journals/jmlr/jmlrp5.html#HuangGJG09},
  volume = 5,
  year = 2009
}


@misc{Kondor06,

author={R. Kondor},
title={Snob: a C++ library for fast Fourier
transforms on the symmetric group},
year = {2006},
url= {http://www.cs.columbia.edu/~risi/Snob/}
}


@book{diaconis88,
  address = {Hayward, CA},
  author = {Diaconis, Persi},
  biburl = {http://www.bibsonomy.org/bibtex/2933838b3e918380eb835383259944baf/peter.ralph},
  description = {MR: Publications results for "MR Number=(964069)"},
  interhash = {f8e3d552ac7a2a48d97ec0820620e592},
  intrahash = {933838b3e918380eb835383259944baf},
  isbn = {0-940600-14-5},
  keywords = {discrete_fourier_transform reference representation_theory},
  mrclass = {60-02 (20C99 62-02)},
  mrnumber = {MR964069 (90a:60001)},
  mrreviewer = {Philippe Bougerol},
  pages = {vi+198},
  publisher = {Institute of Mathematical Statistics},
  series = {Institute of Mathematical Statistics Lecture Notes---Monograph               Series, 11},
  timestamp = {2010-02-04T21:40:41.000+0100},
  title = {Group representations in probability and statistics},
  url = {http://projecteuclid.org/euclid.lnms/1215467407},
  year = 1988
}


@incollection{irurozki11,
booktitle = "Advances in Artificial Intelligence",
doi = "10.1007/978-3-642-21043-3_22",
editor = "Butz, Cory and Lingras, Pawan",
isbn = "978-3-642-21042-6",
pages = "186-191",
publisher = "Springer Berlin / Heidelberg",
title = "{L}earning {P}robability {D}istributions over {P}ermutations by {M}eans of {F}ourier {C}oefficients",
year = "2011",
}

@inproceedings{Li05,
 author = {Li, Fei-Fei and Perona, Pietro},
 title = {A Bayesian Hierarchical Model for Learning Natural Scene Categories},
 booktitle = {Proceedings of the 2005 IEEE Computer Society Conference on Computer Vision and Pattern Recognition (CVPR'05) - Volume 2 - Volume 02},
 series = {CVPR '05},
 year = {2005},
 isbn = {0-7695-2372-2},
 pages = {524--531},
 numpages = {8},
 url = {http://dx.doi.org/10.1109/CVPR.2005.16},
 doi = {10.1109/CVPR.2005.16},
 acmid = {1069129},
 publisher = {IEEE Computer Society},
 address = {Washington, DC, USA},
} 


@article{Moreno09,
title = "Improving the \{SIFT\} descriptor with smooth derivative filters ",
journal = "Pattern Recognition Letters ",
volume = "30",
number = "1",
pages = "18 - 26",
year = "2009",
note = "",
issn = "0167-8655",
author = "Plinio Moreno and Alexandre Bernardino and José Santos-Victor"
}

@article{LiangSW15,
  author    = {Luming Liang and
               Andrzej Szymczak and
               Mingqiang Wei},
  title     = {Geodesic spin contour for partial near-isometric matching},
  journal   = {Computers {\&} Graphics},
  volume    = {46},
  pages     = {156--171},
  year      = {2015},
  url       = {http://dx.doi.org/10.1016/j.cag.2014.09.024},
  doi       = {10.1016/j.cag.2014.09.024},
  timestamp = {Fri, 21 Nov 2014 13:32:45 +0100}
 }



@inproceedings{Aiger08,
 author = {Aiger, Dror and Mitra, Niloy J. and Cohen-Or, Daniel},
 title = {4pointss Congruent Sets for Robust Pairwise Surface Registration},
 booktitle = {ACM SIGGRAPH 2008 Papers},
 series = {SIGGRAPH '08},
 year = {2008},
 isbn = {978-1-4503-0112-1},
 location = {Los Angeles, California},
 pages = {85:1--85:10},
 articleno = {85},
 numpages = {10},
 acmid = {1360684},
 publisher = {ACM},
 address = {New York, NY, USA}
 
} 




@article{Bronstein11,
 author = {Bronstein, Alexander M. and Bronstein, Michael M. and Guibas, Leonidas J. and Ovsjanikov, Maks},
 title = {Shape Google: Geometric Words and Expressions for Invariant Shape Retrieval},
 journal = {ACM Trans. Graph.},
 issue_date = {January 2011},
 volume = {30},
 number = {1},
 month = feb,
 year = {2011},
 issn = {0730-0301},
 pages = {1:1--1:20},
 articleno = {1},
 numpages = {20},
 url = {http://doi.acm.org/10.1145/1899404.1899405},
 doi = {10.1145/1899404.1899405},
 acmid = {1899405},
 publisher = {ACM},
 address = {New York, NY, USA},
} 



@article{Yang13,
title = "Partial correspondence based on subgraph matching ",
journal = "Neurocomputing ",
volume = "122",
number = "",
pages = "193 - 197",
year = "2013",
note = "Advances in cognitive and ubiquitous computingSelected papers from the Sixth International Conference on Innovative Mobile and Internet Services in Ubiquitous Computing (IMIS-2012) ",
issn = "0925-2312",
author = "Xu Yang and Hong Qiao and Zhi-Yong Liu"
}


@incollection{Quadrianto09,
title = {Kernelized Sorting},
author = {Quadrianto, Novi and Song, Le and Alex J. Smola},
booktitle = {Advances in Neural Information Processing Systems 21},
editor = {D. Koller and D. Schuurmans and Y. Bengio and L. Bottou},
pages = {1289--1296},
year = {2009},
publisher = {Curran Associates, Inc.},
url = {http://papers.nips.cc/paper/3608-kernelized-sorting.pdf}
}


@inproceedings{YamadaS11, 
    Publisher = {Journal of Machine Learning Research - Workshop and Conference Proceedings}, 
    Title = {Cross-Domain Object Matching with Model Selection}, 
    Url = {http://www.jmlr.org/proceedings/papers/v15/yamada11a/yamada11a.pdf}, 
    Booktitle = {Proceedings of the Fourteenth International Conference on Artificial Intelligence and Statistics (AISTATS-11)}, 
    Author = {Makoto Yamada and Masashi Sugiyama}, 
    Volume = {15}, 
    Editor = {Geoffrey J. Gordon and David B. Dunson}, 
    Year = {2011}, 
    Pages = {807-815} 
   }



@inproceedings{Klami12,
  author    = {Arto Klami},
  title     = {Variational Bayesian Matching},
  booktitle = {Proceedings of the 4th Asian Conference on Machine Learning, {ACML}
               2012, Singapore, Singapore, November 4-6, 2012},
  pages     = {205--220},
  year      = {2012},
  crossref  = {DBLP:conf/acml/2012},
  url       = {http://jmlr.csail.mit.edu/proceedings/papers/v25/klami12.html},
  timestamp = {Thu, 11 Sep 2014 07:28:55 +0200},
  biburl    = {http://dblp.uni-trier.de/rec/bib/journals/jmlr/Klami12},
  bibsource = {dblp computer science bibliography, http://dblp.org}
}


@inproceedings{haghighi08,
    author = {Haghighi, Aria and Liang, Percy and Berg-Kirkpatrick, Taylor and Klein, Dan},
    title = {Learning Bilingual Lexicons from Monolingual Corpora},
    booktitle = {Proceedings of ACL-08: HLT},
    month = {June},
    year = {2008},
    address = {Columbus, Ohio},
    publisher = {Association for Computational Linguistics},
    pages = {771--779},
    url = {http://www.aclweb.org/anthology/P08-1088}
    }


@paper{Iwata13,
	author = {Tomoharu Iwata and Tsutomu Hirao and Naonori Ueda},
	title = {Unsupervised Cluster Matching via Probabilistic Latent Variable Models},
	conference = {AAAI Conference on Artificial Intelligence},
	year = {2013},
	url = {https://www.aaai.org/ocs/index.php/AAAI/AAAI13/paper/view/6149/7183}
}

@INPROCEEDINGS{Rasmussen00,
    author = {Carl Edward Rasmussen},
    title = {The Infinite Gaussian Mixture Model},
    conference = {In Advances in Neural Information Processing Systems 12},
    year = {2000},
    pages = {554-560},
    publisher = {MIT Press}
}


@inproceedings{DamianouETL12,
  added-at = {2013-01-25T00:00:00.000+0100},
  author = {Damianou, Andreas C. and Ek, Carl Henrik and Titsias, Michalis K. and Lawrence, Neil D.},
  biburl = {http://www.bibsonomy.org/bibtex/2440d3d389ed1cb7b190b712af76e4ed6/dblp},
  booktitle = {ICML},
  crossref = {conf/icml/2012},
  ee = {http://icml.cc/discuss/2012/94.html},
  interhash = {bcfbb8ca9a7efbac40a3866e0c0648aa},
  intrahash = {440d3d389ed1cb7b190b712af76e4ed6},
  keywords = {dblp},
  publisher = {icml.cc / Omnipress},
  timestamp = {2013-01-26T11:36:41.000+0100},
  title = {Manifold Relevance Determination.},
  url = {http://dblp.uni-trier.de/db/conf/icml/icml2012.html#DamianouETL12},
  year = 2012
}


@article{Mercier12,
   author = "Mercier, Laurence and Del Maestro, Rolando F. and Petrecca, Kevin and Araujo, David and Haegelen, Claire and Collins, D. Louis",
   title = "Online database of clinical MR and ultrasound images of brain tumors",
   journal = "Medical Physics",
   year = "2012",
   volume = "39",
   number = "6", 
   eid = ,
   pages = "3253-3261",
   url = "http://scitation.aip.org/content/aapm/journal/medphys/39/6/10.1118/1.4709600",
   doi = "http://dx.doi.org/10.1118/1.4709600" 
}




@INPROCEEDINGS{Bishop99,
    author = {Christopher M. Bishop},
    title = {Latent variable models},
    booktitle = {Learning in Graphical Models},
    year = {1999},
    pages = {371-403},
    publisher = {MIT Press}
}


@InProceedings{wilson12,
  title =     {Gaussian process Regression Networks},
  author =    {Andrew G. Wilson and David A. Knowles and Zoubin Ghahramani},
  booktitle = {Proceedings of the 29th International Conference on Machine Learning (ICML)},
  year =      {2012},
  editor =    {J. Langford and J. Pineau},
  address =   {Edinburgh},
  month =     {June},
  publisher = {Omnipress}
}


@phdthesis{Kondor08,
 author = {Kondor, Imre Risi},
 advisor = {Jebara, Tony},
 title = {Group Theoretical Methods in Machine Learning},
 year = {2008},
 isbn = {978-0-549-86068-6},
 note = {AAI3333377},
 publisher = {Columbia University},
 address = {New York, NY, USA},
} 


@article{Mackay95,
  added-at = {2009-10-27T06:49:28.000+0100},
  author = {MacKay, D. J. C.},
  description = {Thesis BIB},
  journal = {Network: Computation in Neural Systems},
  keywords = {imported},
  number = 3,
  pages = {469-505},

  title = {Probable networks and plausible predictions - a review of practical Bayesian methods for supervised neural networks},
  volume = 6,
  year = 1995
}



@article{Iwata16,
title = "Probabilistic latent variable models for unsupervised many-to-many object matching ",
journal = "Information Processing and Management ",
volume = "52",
number = "4",
pages = "682 - 697",
year = "2016",
issn = "0306-4573",
doi = "http://dx.doi.org/10.1016/j.ipm.2015.12.013",
author = "Tomoharu Iwata and Tsutomu Hirao and Naonori Ueda",
}


@inproceedings{Lawrence09NMF,
	author = {Lawrence, Neil D. and Urtasun, Raquel},
	title = {Non-linear Matrix Factorization with Gaussian Processes},
	booktitle = {Proceedings of the 26th Annual International Conference on Machine Learning},
	series = {ICML '09},
	year = {2009},
	isbn = {978-1-60558-516-1},
	location = {Montreal, Quebec, Canada},
	pages = {601--608},
	numpages = {8},
	url = {http://doi.acm.org/10.1145/1553374.1553452},
	doi = {10.1145/1553374.1553452},
	acmid = {1553452},
	publisher = {ACM},
	address = {New York, NY, USA},
} 


@article{Alvarez12KVF,
	author = {\'{A}lvarez, Mauricio A. and Rosasco, Lorenzo and Lawrence, Neil D.},
	title = {Kernels for Vector-Valued Functions: A Review},
	journal = {Found. Trends Mach. Learn.},
	issue_date = {March 2012},
	volume = {4},
	number = {3},
	month = mar,
	year = {2012},
	issn = {1935-8237},
	pages = {195--266},
	numpages = {72},
	url = {http://dx.doi.org/10.1561/2200000036},
	doi = {10.1561/2200000036},
	acmid = {2344403},
	publisher = {Now Publishers Inc.},
	address = {Hanover, MA, USA},
} 

@inproceedings{IwaDuvGha2012warped,
	title={Warped Mixtures for Nonparametric Cluster Shapes},
	author={Tomoharu Iwata, David Duvenaud, Zoubin Ghahramani},
	booktitle={29th Conference on Uncertainty in Artificial Intelligence},
	year={2013},
	pages={311-319}
}


@INPROCEEDINGS{Lawrence03,
	author = {Neil Lawrence},
	title = {Gaussian Process Latent Variable Models for Visualisation of High Dimensional Data},
	booktitle = {In NIPS},
	year = {2003},
	pages = {2004}
}


@InProceedings{SHREC16,
	title = "SHREC’16: Matching of Deformable Shapes with Topological Noise",
	author = "Z. L\"ahner and E. Rodola and M. M. Bronstein and D. Cremers and O. Burghard and L. Cosmo and A. Dieckmann and R. Klein and Y. Sahillioglu",
	booktitle = 3dor,
	year = "2016",
	month = "May",
	topic={Shape Analysis},
	url = {http://vision.in.tum.de/~laehner/shrec2016/},
	keywords = {Shape Analysis, Shape Matching, SHREC, Topology},
	note = {{<a href="http://vision.in.tum.de/~laehner/shrec2016/" target="_blank">[Dataset]</a>}},
}